<record><leader>00000cas a22000007a 4500</leader><controlfield tag="001">23125752</controlfield><controlfield tag="008">910220d19101920couwr ne      0    0eng d</controlfield><datafield ind1=" " ind2=" " tag="010"><subfield code="a">sn 91052148 </subfield></datafield><datafield ind1=" " ind2=" " tag="040"><subfield code="a">CNQ</subfield><subfield code="b">eng</subfield><subfield code="c">CNQ</subfield><subfield code="d">OCLCQ</subfield></datafield><datafield ind1=" " ind2=" " tag="042"><subfield code="a">msc</subfield></datafield><datafield ind1="0" ind2=" " tag="130"><subfield code="a">New era (De Beque, Colo.)</subfield></datafield><datafield ind1="1" ind2="4" tag="245"><subfield code="a">The new era.</subfield></datafield><datafield ind1="1" ind2="7" tag="246"><subfield code="a">De Beque new era and bugle</subfield></datafield><datafield ind1="1" ind2="3" tag="246"><subfield code="a">De Beque new era</subfield></datafield><datafield ind1=" " ind2=" " tag="260"><subfield code="a">De Beque, Mesa County, Colo. :</subfield><subfield code="b">Harry A. Heel</subfield></datafield><datafield ind1=" " ind2=" " tag="300"><subfield code="a">v.</subfield></datafield><datafield ind1=" " ind2=" " tag="310"><subfield code="a">Weekly</subfield></datafield><datafield ind1="1" ind2=" " tag="362"><subfield code="a">Began Feb. 1910.</subfield></datafield><datafield ind1="0" ind2=" " tag="362"><subfield code="a">-v. 22, no. 53 (Dec. 25, 1920).</subfield></datafield><datafield ind1=" " ind2=" " tag="530"><subfield code="a">Available on microfilm from the Colorado Historical Society.</subfield></datafield><datafield ind1=" " ind2=" " tag="588"><subfield code="a">Description based on: Vol. 12, no. 14 (Feb. 19, 1910).</subfield></datafield><datafield ind1=" " ind2=" " tag="752"><subfield code="a">United States</subfield><subfield code="b">Colorado</subfield><subfield code="c">Mesa</subfield><subfield code="d">De Beque.</subfield></datafield><datafield ind1="0" ind2="0" tag="780"><subfield code="t">De Beque new era (De Beque, Colo. : 1910)</subfield><subfield code="w">(DLC)sn 91052147</subfield></datafield><datafield ind1="0" ind2="0" tag="785"><subfield code="t">De Beque new era (De Beque, Colo. : 1921)</subfield><subfield code="w">(DLC)sn 91052149</subfield></datafield><datafield ind1="1" ind2=" " tag="029"><subfield code="a">AU@</subfield><subfield code="b">000025863402</subfield></datafield></record>